@MISC{fftlimits, author = {Steven G. Johnson and Matteo Frigo}, title = { A modified split-radix {FFT} with fewer arithmetic operations}, year = {2006} }
@INPROCEEDINGS{Harris78onthe,
	    author = {Fredric J. Harris},
	        title = {On the Use of Windows for Harmonic Analysis With the Discrete Fourier Transform},
		    booktitle = {Proc. IEEE},
		        year = {1978},
			    pages = {51--83}
}
@misc{cockos, title= "ReaPlugs", url="https://www.reaper.fm/reaplugs/", author="Cockos Incorporated"} 
@article{fftw,
  title={The design and implementation of FFTW3},
    author={Frigo, Matteo and Johnson, Steven G},
     journal={Proceedings of the IEEE},
       volume={93},
  number={2},
    pages={216--231},
      year={2005},
        publisher={IEEE}
}
@misc{matfil, title= "{IIR} filter using biquadratic structures", url="https://www.mathworks.com/help/dsp/ref/dsp.biquadfilter-system-object.html", author="MATLAB"} 

